<?xml version = "1.0" encoding = "UTF-8"?>
  <collection xmlns="http://www.loc.gov/MARC21/slim"
xmlns:xsi="http://www.w3.org/2001/XMLSchema-instance"
xsi:schemaLocation="http://www.loc.gov/MARC21/slim
http://www.loc.gov/standards/marcxml/schema/MARC21slim.xsd">
    <record xmlns="http://www.loc.gov/MARC21/slim"
xmlns:xsi="http://www.w3.org/2001/XMLSchema-instance"
xsi:schemaLocation="http://www.loc.gov/MARC21/slim
http://www.loc.gov/standards/marcxml/schema/MARC21slim.xsd">
      <leader>     nM2.01200024      h</leader>
      <controlfield tag="LDR">     nM2.01200024      h</controlfield>
      <controlfield tag="FMT">MH</controlfield>
      <datafield tag="001" ind1=" " ind2=" ">
        <subfield code="a">AC03757771</subfield>
      </datafield>
      <datafield tag="002" ind1="a" ind2=" ">
        <subfield code="a">20030630</subfield>
      </datafield>
      <datafield tag="003" ind1=" " ind2=" ">
        <subfield code="a">20161116</subfield>
      </datafield>
      <datafield tag="026" ind1=" " ind2=" ">
        <subfield code="a">OBVAC03757771</subfield>
      </datafield>
      <controlfield tag="030">z|1drr|||||17</controlfield>
      <datafield tag="036" ind1="a" ind2=" ">
        <subfield code="a">XA-AAAT</subfield>
      </datafield>
      <datafield tag="037" ind1="b" ind2=" ">
        <subfield code="a">lat</subfield>
        <subfield code="a">ger</subfield>
      </datafield>
      <datafield tag="034" ind1=" " ind2=" ">
        <subfield code="a">a</subfield>
        <subfield code="b">104000</subfield>
        <subfield code="d">E0095900</subfield>
        <subfield code="e">E0125400</subfield>
        <subfield code="f">N0474400</subfield>
        <subfield code="g">N0453800</subfield>
        <subfield code="2">bound</subfield>
      </datafield>
      <controlfield tag="050">||a|||||||a|||</controlfield>
      <controlfield tag="051">m||||||^</controlfield>
      <datafield tag="060" ind1=" " ind2=" ">
        <subfield code="b">cri</subfield>
      </datafield>
      <datafield tag="061" ind1=" " ind2=" ">
        <subfield code="b">n</subfield>
      </datafield>
      <datafield tag="062" ind1=" " ind2=" ">
        <subfield code="b">nb</subfield>
      </datafield>
      <datafield tag="064" ind1="a" ind2=" ">
        <subfield code="a">Altkarte</subfield>
        <subfield code="9">(DE-588)4611904-8</subfield>
      </datafield>
      <datafield tag="070" ind1=" " ind2=" ">
        <subfield code="a">ONB</subfield>
      </datafield>
      <datafield tag="070" ind1="b" ind2=" ">
        <subfield code="a">OAW</subfield>
      </datafield>
      <datafield tag="076" ind1="f" ind2=" ">
        <subfield code="a">Erfassung ONB-Karten</subfield>
      </datafield>
      <datafield tag="076" ind1="s" ind2=" ">
        <subfield code="a">50</subfield>
      </datafield>
      <datafield tag="100" ind1=" " ind2=" ">
        <subfield code="p">Anich, Peter</subfield>
        <subfield code="d">1723-1766</subfield>
        <subfield code="9">(DE-588)118503189</subfield>
        <subfield code="4">ctg</subfield>
      </datafield>
      <datafield tag="104" ind1="a" ind2=" ">
        <subfield code="p">Hueber, Blasius</subfield>
        <subfield code="d">1735-1818</subfield>
        <subfield code="9">(DE-588)118775197</subfield>
        <subfield code="4">ctg</subfield>
      </datafield>
      <datafield tag="108" ind1="b" ind2=" ">
        <subfield code="p">Weinhart, Ignaz</subfield>
        <subfield code="d">1705-1787</subfield>
        <subfield code="9">(DE-588)103771476</subfield>
        <subfield code="4">oth</subfield>
      </datafield>
      <datafield tag="331" ind1=" " ind2=" ">
        <subfield code="a">Tyrolis Sub Felici Regimine Mariæ Theresiæ Rom. Imper. Aug.</subfield>
      </datafield>
      <datafield tag="359" ind1=" " ind2=" ">
        <subfield code="a">Chorographice Delineata a Petro Anich et Blasio Hueber Colonis oberperfussianis Curante Ignat. Weinhart Profess. Math. in Univers. Œnipontana ; Æri incisa a Joa. Ernest Mansfeld</subfield>
      </datafield>
      <datafield tag="370" ind1="a" ind2=" ">
        <subfield code="a">Atlas Tyrolensis</subfield>
      </datafield>
      <datafield tag="407" ind1=" " ind2=" ">
        <subfield code="a">Circa 1:104 000</subfield>
      </datafield>
      <datafield tag="419" ind1="c" ind2=" ">
        <subfield code="a">[Wien]</subfield>
        <subfield code="b">J. E. Mansfeld inv. et fecit</subfield>
        <subfield code="c">1774</subfield>
      </datafield>
      <datafield tag="425" ind1="a" ind2=" ">
        <subfield code="a">1774</subfield>
      </datafield>
      <datafield tag="433" ind1=" " ind2=" ">
        <subfield code="a">1 Karte auf 20 Blättern</subfield>
      </datafield>
      <datafield tag="434" ind1=" " ind2=" ">
        <subfield code="a">Illustrationen</subfield>
      </datafield>
      <datafield tag="435" ind1=" " ind2=" ">
        <subfield code="a">226 x 217,5 cm, Blätter 56,5 x 43,5 cm</subfield>
      </datafield>
      <datafield tag="437" ind1=" " ind2=" ">
        <subfield code="a">Übersichtsblatt</subfield>
      </datafield>
      <datafield tag="439" ind1=" " ind2=" ">
        <subfield code="d">Kupferstich</subfield>
      </datafield>
      <datafield tag="501" ind1=" " ind2=" ">
        <subfield code="a">Details zu illustrierendem Inhalt: Titelkartusche links unten mit Ehrenmal für Kaiserin Maria Theresia und allegorischen Darstellungen</subfield>
      </datafield>
      <datafield tag="501" ind1=" " ind2=" ">
        <subfield code="a">Details zu kartographischem Inhalt: Geländedarstellung in Bergfigurenmanier</subfield>
      </datafield>
      <datafield tag="501" ind1=" " ind2=" ">
        <subfield code="a">Ergänzender Inhalt: Ausführliche Zeichenerklärung. - Übersichtsblatt</subfield>
      </datafield>
      <datafield tag="501" ind1=" " ind2=" ">
        <subfield code="a">Details zu Maßstabsangaben: Maßstab in graphischer Form, &quot;Gemeine Deutsche Meile&quot;, &quot;Innsbrucker Werkschuhe&quot;, &quot;Grosse Deutsche Meile&quot;, &quot;Italienische Meile&quot;</subfield>
      </datafield>
      <datafield tag="501" ind1=" " ind2=" ">
        <subfield code="a">Gitterlinien: Längen- und Breitenangaben in 10&apos; Schritten</subfield>
      </datafield>
      <datafield tag="501" ind1=" " ind2=" ">
        <subfield code="a">Nullmeridian: Ferro</subfield>
      </datafield>
      <datafield tag="505" ind1=" " ind2=" ">
        <subfield code="a">Abweichender Titel auf Übersichtsblatt</subfield>
      </datafield>
      <datafield tag="677" ind1=" " ind2=" ">
        <subfield code="p">Mansfeld, Johann Ernst</subfield>
        <subfield code="d">1739-1796</subfield>
        <subfield code="9">(DE-588)12207288X</subfield>
        <subfield code="4">egr</subfield>
      </datafield>
      <datafield tag="700" ind1="f" ind2=" ">
        <subfield code="a">74.20</subfield>
        <subfield code="b">Deutschland, Österreich, Schweiz &lt;Geographie&gt;</subfield>
        <subfield code="z">Automatisch generiert aus Konkordanz RVK-BK-Geographie</subfield>
      </datafield>
      <datafield tag="700" ind1="f" ind2=" ">
        <subfield code="a">74.31</subfield>
        <subfield code="b">Geschichte der Kartographie</subfield>
        <subfield code="z">Automatisch generiert aus Konkordanz RVK-BK-Geographie</subfield>
      </datafield>
      <datafield tag="700" ind1="g" ind2=" ">
        <subfield code="a">RK 65217</subfield>
      </datafield>
      <datafield tag="902" ind1=" " ind2=" ">
        <subfield code="g">Tirol</subfield>
        <subfield code="9">(DE-588)4060207-2</subfield>
      </datafield>
      <datafield tag="902" ind1=" " ind2=" ">
        <subfield code="f">Altkarte</subfield>
      </datafield>
      <datafield tag="904" ind1="a" ind2=" ">
        <subfield code="a">ONBKRP</subfield>
      </datafield>
    </record>