

<record xmlns="http://www.loc.gov/MARC21/slim"
xmlns:xsi="http://www.w3.org/2001/XMLSchema-instance"
xsi:schemaLocation="http://www.loc.gov/MARC21/slim
http://www.loc.gov/standards/marcxml/schema/MARC21slim.xsd">
  <leader>     nM2.01200024      h</leader>
  <controlfield tag="LDR">     nM2.01200024      h</controlfield>
  <controlfield tag="FMT">MH</controlfield>
  <datafield tag="001" ind1=" " ind2=" ">
    <subfield code="a">AC11183924</subfield>
  </datafield>
  <datafield tag="002" ind1="a" ind2=" ">
    <subfield code="a">20131210</subfield>
  </datafield>
  <datafield tag="003" ind1=" " ind2=" ">
    <subfield code="a">20161116</subfield>
  </datafield>
  <datafield tag="026" ind1=" " ind2=" ">
    <subfield code="a">OBVAC11183924</subfield>
  </datafield>
  <controlfield tag="030">a|1urr|||||17</controlfield>
  <datafield tag="036" ind1="a" ind2=" ">
    <subfield code="a">XA-DXDE</subfield>
  </datafield>
  <datafield tag="037" ind1="b" ind2=" ">
    <subfield code="a">ger</subfield>
  </datafield>
  <datafield tag="034" ind1=" " ind2=" ">
    <subfield code="a">a</subfield>
    <subfield code="b">55000000</subfield>
    <subfield code="d">W1800000</subfield>
    <subfield code="e">E1800000</subfield>
    <subfield code="f">N0800000</subfield>
    <subfield code="g">S0800000</subfield>
    <subfield code="2">bound</subfield>
  </datafield>
  <controlfield tag="050">||a|||||||a|||</controlfield>
  <controlfield tag="051">m||||||</controlfield>
  <datafield tag="060" ind1=" " ind2=" ">
    <subfield code="b">cri</subfield>
  </datafield>
  <datafield tag="061" ind1=" " ind2=" ">
    <subfield code="b">n</subfield>
  </datafield>
  <datafield tag="062" ind1=" " ind2=" ">
    <subfield code="b">nb</subfield>
  </datafield>
  <datafield tag="064" ind1="a" ind2=" ">
    <subfield code="a">Karte</subfield>
    <subfield code="9">(DE-588)4029783-4</subfield>
  </datafield>
  <datafield tag="064" ind1="a" ind2=" ">
    <subfield code="a">Weltkarte</subfield>
    <subfield code="9">(DE-588)4065368-7</subfield>
  </datafield>
  <datafield tag="070" ind1=" " ind2=" ">
    <subfield code="a">OAW</subfield>
  </datafield>
  <datafield tag="070" ind1="b" ind2=" ">
    <subfield code="a">OAW</subfield>
  </datafield>
  <datafield tag="076" ind1="s" ind2=" ">
    <subfield code="a">54</subfield>
  </datafield>
  <datafield tag="100" ind1=" " ind2=" ">
    <subfield code="p">Berghaus, Hermann</subfield>
    <subfield code="d">1828-1890</subfield>
    <subfield code="9">(DE-588)116132469</subfield>
    <subfield code="4">ctg</subfield>
  </datafield>
  <datafield tag="331" ind1=" " ind2=" ">
    <subfield code="a">Allgemeine Welt_Karte in Mercator&apos;s Projection.</subfield>
  </datafield>
  <datafield tag="335" ind1=" " ind2=" ">
    <subfield code="a">zur Uebersicht der Postschifffahrt und neuerer Reisen um die Erde.</subfield>
  </datafield>
  <datafield tag="359" ind1=" " ind2=" ">
    <subfield code="a">von Hermann Berghaus</subfield>
  </datafield>
  <datafield tag="407" ind1=" " ind2=" ">
    <subfield code="a">Circa 1:55 000 000 am Äquator</subfield>
  </datafield>
  <datafield tag="419" ind1=" " ind2=" ">
    <subfield code="a">Gotha</subfield>
    <subfield code="b">Justus Perthes</subfield>
    <subfield code="c">1864</subfield>
  </datafield>
  <datafield tag="425" ind1="a" ind2=" ">
    <subfield code="a">1864</subfield>
  </datafield>
  <datafield tag="433" ind1=" " ind2=" ">
    <subfield code="a">1 Karte</subfield>
  </datafield>
  <datafield tag="434" ind1=" " ind2=" ">
    <subfield code="a">farbig</subfield>
  </datafield>
  <datafield tag="435" ind1=" " ind2=" ">
    <subfield code="a">56 x 74 cm</subfield>
  </datafield>
  <datafield tag="439" ind1=" " ind2=" ">
    <subfield code="d">Farblithographie</subfield>
  </datafield>
  <datafield tag="501" ind1=" " ind2=" ">
    <subfield code="a">Ergänzender Inhalt: Mit Schifffahrtslinien, Reiserouten und Telegraphenleitungen. - Mit 6 Nebenkarten: &quot;Westlicher Überlandweg&quot; (Panama Eisenbahn mit Höhenprofil), &quot;Östlicher Überlandweg&quot; (Nildelta), &quot;Landenge Eden&quot; (Auckland NZ mit Höhenprofil), Weltkarte &quot;Linien gleicher magnetischer Missweisung für d. Jahr 1855.&quot;, Hemisphärenkarte mit Reiserouten, Telegraphenleitungen etc., Weltkarte &quot;Allgemeine Wind_Karte&quot;. - Angabe der Zeitzonen im Kartenrand</subfield>
  </datafield>
  <datafield tag="501" ind1=" " ind2=" ">
    <subfield code="a">Gitterlinien: Längen- und Breitenangaben in 10°-Schritten</subfield>
  </datafield>
  <datafield tag="501" ind1=" " ind2=" ">
    <subfield code="a">Nullmeridian: Greenwich</subfield>
  </datafield>
  <datafield tag="501" ind1=" " ind2=" ">
    <subfield code="a">Projektion: Mercatorprojektion</subfield>
  </datafield>
  <datafield tag="501" ind1=" " ind2=" ">
    <subfield code="a">Sonstige Details: Exemplar ÖAW-Sammlung Woldan in 6 Teile zerschnitten und auf Leinen aufgezogen in Leinenumschlag (31 x 27 cm)</subfield>
  </datafield>
  <datafield tag="902" ind1=" " ind2=" ">
    <subfield code="s">Weltkarte</subfield>
    <subfield code="9">(DE-588)4065368-7</subfield>
  </datafield>
  <datafield tag="902" ind1=" " ind2=" ">
    <subfield code="s">Verkehrsweg</subfield>
    <subfield code="9">(DE-588)4187844-9</subfield>
  </datafield>
  <datafield tag="902" ind1=" " ind2=" ">
    <subfield code="f">Karte</subfield>
  </datafield>
  <datafield tag="904" ind1="a" ind2=" ">
    <subfield code="a">ONBREB</subfield>
  </datafield>
</record>