

<record xmlns="http://www.loc.gov/MARC21/slim"
xmlns:xsi="http://www.w3.org/2001/XMLSchema-instance"
xsi:schemaLocation="http://www.loc.gov/MARC21/slim
http://www.loc.gov/standards/marcxml/schema/MARC21slim.xsd">
  <leader>     nM2.01200024      h</leader>
  <controlfield tag="LDR">     nM2.01200024      h</controlfield>
  <controlfield tag="FMT">MH</controlfield>
  <datafield tag="001" ind1=" " ind2=" ">
    <subfield code="a">AC04568655</subfield>
  </datafield>
  <datafield tag="002" ind1="a" ind2=" ">
    <subfield code="a">20050712</subfield>
  </datafield>
  <datafield tag="003" ind1=" " ind2=" ">
    <subfield code="a">20161121</subfield>
  </datafield>
  <datafield tag="026" ind1=" " ind2=" ">
    <subfield code="a">OBVAC04568655</subfield>
  </datafield>
  <controlfield tag="030">a|1urr|||||17</controlfield>
  <datafield tag="036" ind1="a" ind2=" ">
    <subfield code="a">XA-AAAT</subfield>
  </datafield>
  <datafield tag="037" ind1="b" ind2=" ">
    <subfield code="a">ger</subfield>
  </datafield>
  <datafield tag="034" ind1=" " ind2=" ">
    <subfield code="a">a</subfield>
    <subfield code="2">bound</subfield>
    <subfield code="b">160000</subfield>
    <subfield code="d">E0102500</subfield>
    <subfield code="e">E0122600</subfield>
    <subfield code="f">N0474400</subfield>
    <subfield code="g">N0454000</subfield>
  </datafield>
  <controlfield tag="050">||a|||||||a|||</controlfield>
  <controlfield tag="051">m||||||</controlfield>
  <datafield tag="060" ind1=" " ind2=" ">
    <subfield code="b">cri</subfield>
  </datafield>
  <datafield tag="061" ind1=" " ind2=" ">
    <subfield code="b">n</subfield>
  </datafield>
  <datafield tag="062" ind1=" " ind2=" ">
    <subfield code="b">nb</subfield>
  </datafield>
  <datafield tag="064" ind1="a" ind2=" ">
    <subfield code="a">Altkarte</subfield>
    <subfield code="9">(DE-588)4611904-8</subfield>
  </datafield>
  <datafield tag="070" ind1=" " ind2=" ">
    <subfield code="a">ONB</subfield>
  </datafield>
  <datafield tag="070" ind1="b" ind2=" ">
    <subfield code="a">OAW</subfield>
  </datafield>
  <datafield tag="076" ind1="f" ind2=" ">
    <subfield code="a">Erfassung ONB-Karten</subfield>
  </datafield>
  <datafield tag="076" ind1="s" ind2=" ">
    <subfield code="a">50</subfield>
  </datafield>
  <datafield tag="100" ind1=" " ind2=" ">
    <subfield code="p">Burgklehner, Matthias</subfield>
    <subfield code="d">1573-1642</subfield>
    <subfield code="9">(DE-588)121479927</subfield>
    <subfield code="4">ctg</subfield>
  </datafield>
  <datafield tag="331" ind1=" " ind2=" ">
    <subfield code="a">&lt;&lt;Die&gt;&gt; Fr. Grafschaft Tirol</subfield>
  </datafield>
  <datafield tag="359" ind1=" " ind2=" ">
    <subfield code="a">Mathias Bürgklehner</subfield>
  </datafield>
  <datafield tag="370" ind1="a" ind2=" ">
    <subfield code="a">&lt;&lt;Die&gt;&gt; Fürstliche Grafschaft Tirol</subfield>
  </datafield>
  <datafield tag="407" ind1=" " ind2=" ">
    <subfield code="a">Circa 1:160 000</subfield>
  </datafield>
  <datafield tag="419" ind1=" " ind2=" ">
    <subfield code="a">Innsbruck</subfield>
    <subfield code="b">[Verlag nicht ermittelbar]</subfield>
    <subfield code="c">1629</subfield>
  </datafield>
  <datafield tag="425" ind1="a" ind2=" ">
    <subfield code="a">1629</subfield>
  </datafield>
  <datafield tag="433" ind1=" " ind2=" ">
    <subfield code="a">1 Karte</subfield>
  </datafield>
  <datafield tag="435" ind1=" " ind2=" ">
    <subfield code="a">150 x 140 cm</subfield>
  </datafield>
  <datafield tag="439" ind1=" " ind2=" ">
    <subfield code="d">Kupferstich</subfield>
  </datafield>
  <datafield tag="501" ind1=" " ind2=" ">
    <subfield code="a">Details zu illustrierendem Inhalt: Drei Kartuschen (oben mitte: Titelkartusche; links unten: Erzherzog Leopold V. mit Frau Claudia von Medici und Wappen; rechts unten: Wappen der Grafschaft Tirol mit Sagenfiguren Riesen Haimo und Tyrsus)</subfield>
  </datafield>
  <datafield tag="501" ind1=" " ind2=" ">
    <subfield code="a">Details zu kartographischem Inhalt: Geländedarstellung in Bergfigurenmanier. - Orte, Burgen und Schlösser in individueller Aufrissdarstellung.</subfield>
  </datafield>
  <datafield tag="501" ind1=" " ind2=" ">
    <subfield code="a">Ergänzender Inhalt: Zwei Vignetten (links: Aufzählung der habsburgischen Landesfürsten von Tirol; rechts: inhaltliche Auflistung des Karteninhalts)</subfield>
  </datafield>
  <datafield tag="501" ind1=" " ind2=" ">
    <subfield code="a">Details zu Maßstabsangaben: Maßstab in graphischer Form, &quot;Gemeine Teutsche meil zu 4000 Schritt&quot;, &quot;Grosse Teutsche meil zu 5000 Schritt&quot;</subfield>
  </datafield>
  <datafield tag="501" ind1=" " ind2=" ">
    <subfield code="a">Gitterlinien: Längen- und Breitenangaben in 6&apos;-Schritten nur im Kartenrand</subfield>
  </datafield>
  <datafield tag="501" ind1=" " ind2=" ">
    <subfield code="a">Nullmeridian: 20° 20&apos; westlich von Greenwich</subfield>
  </datafield>
  <datafield tag="501" ind1=" " ind2=" ">
    <subfield code="a">Anmerkungen zur Entstehungsangabe: Nachstich des Holzschnitts von 1611</subfield>
  </datafield>
  <datafield tag="501" ind1=" " ind2=" ">
    <subfield code="a">Sonstige Details: Exemplar ÖAW-Sammlung Woldan in12 Teile zerschnitten (55 x 40 cm)</subfield>
  </datafield>
  <datafield tag="677" ind1=" " ind2=" ">
    <subfield code="p">Spängler, Andreas</subfield>
    <subfield code="d">1589-nach 1669</subfield>
    <subfield code="9">(DE-588)130490253</subfield>
    <subfield code="4">egr</subfield>
  </datafield>
  <datafield tag="902" ind1=" " ind2=" ">
    <subfield code="g">Tirol</subfield>
    <subfield code="9">(DE-588)4060207-2</subfield>
  </datafield>
  <datafield tag="902" ind1=" " ind2=" ">
    <subfield code="f">Altkarte</subfield>
  </datafield>
  <datafield tag="904" ind1="a" ind2=" ">
    <subfield code="a">ONBKRP</subfield>
  </datafield>
</record>