

<record xmlns="http://www.loc.gov/MARC21/slim"
xmlns:xsi="http://www.w3.org/2001/XMLSchema-instance"
xsi:schemaLocation="http://www.loc.gov/MARC21/slim
http://www.loc.gov/standards/marcxml/schema/MARC21slim.xsd">
  <leader>     nM2.01200024      h</leader>
  <controlfield tag="LDR">     nM2.01200024      h</controlfield>
  <controlfield tag="FMT">MH</controlfield>
  <datafield tag="001" ind1=" " ind2=" ">
    <subfield code="a">AC03793289</subfield>
  </datafield>
  <datafield tag="002" ind1="a" ind2=" ">
    <subfield code="a">20030808</subfield>
  </datafield>
  <datafield tag="003" ind1=" " ind2=" ">
    <subfield code="a">20161116</subfield>
  </datafield>
  <datafield tag="026" ind1=" " ind2=" ">
    <subfield code="a">OBVAC03793289</subfield>
  </datafield>
  <controlfield tag="030">a|1urr|||||17</controlfield>
  <datafield tag="036" ind1="a" ind2=" ">
    <subfield code="a">XA-AAAT</subfield>
  </datafield>
  <datafield tag="037" ind1="b" ind2=" ">
    <subfield code="a">ger</subfield>
  </datafield>
  <datafield tag="034" ind1=" " ind2=" ">
    <subfield code="a">a</subfield>
    <subfield code="2">bound</subfield>
    <subfield code="b">1584000</subfield>
    <subfield code="d">E0082800</subfield>
    <subfield code="e">E0254700</subfield>
    <subfield code="f">N0510300</subfield>
    <subfield code="g">N0421300</subfield>
  </datafield>
  <controlfield tag="050">||a|||||||a|||</controlfield>
  <controlfield tag="051">m||||||</controlfield>
  <datafield tag="060" ind1=" " ind2=" ">
    <subfield code="b">cri</subfield>
  </datafield>
  <datafield tag="061" ind1=" " ind2=" ">
    <subfield code="b">n</subfield>
  </datafield>
  <datafield tag="062" ind1=" " ind2=" ">
    <subfield code="b">nb</subfield>
  </datafield>
  <datafield tag="064" ind1="a" ind2=" ">
    <subfield code="a">Altkarte</subfield>
    <subfield code="9">(DE-588)4611904-8</subfield>
  </datafield>
  <datafield tag="070" ind1=" " ind2=" ">
    <subfield code="a">ONB</subfield>
  </datafield>
  <datafield tag="070" ind1="b" ind2=" ">
    <subfield code="a">OAW</subfield>
  </datafield>
  <datafield tag="076" ind1="s" ind2=" ">
    <subfield code="a">54</subfield>
  </datafield>
  <datafield tag="100" ind1=" " ind2=" ">
    <subfield code="p">Czörnig, Karl &lt;&lt;von&gt;&gt;</subfield>
    <subfield code="d">1804-1889</subfield>
    <subfield code="9">(DE-588)119188295</subfield>
    <subfield code="4">ctg</subfield>
  </datafield>
  <datafield tag="331" ind1=" " ind2=" ">
    <subfield code="a">Ethnographische Karte der Oesterreichischen Monarchie</subfield>
  </datafield>
  <datafield tag="359" ind1=" " ind2=" ">
    <subfield code="a">von Carl Freiherrn von Czoernig reducirt nach dessen von der k. k. Direction der administrativen Statistik herausgegebenen Ethnographischen Karte der Monarchie in 4 Blättern</subfield>
  </datafield>
  <datafield tag="407" ind1=" " ind2=" ">
    <subfield code="a">1:1 584 000</subfield>
  </datafield>
  <datafield tag="419" ind1=" " ind2=" ">
    <subfield code="a">Wien</subfield>
    <subfield code="b">[Verlag nicht ermittelbar]</subfield>
    <subfield code="c">1856</subfield>
  </datafield>
  <datafield tag="425" ind1="a" ind2=" ">
    <subfield code="a">1856</subfield>
  </datafield>
  <datafield tag="433" ind1=" " ind2=" ">
    <subfield code="a">1 Karte</subfield>
  </datafield>
  <datafield tag="434" ind1=" " ind2=" ">
    <subfield code="a">farbig</subfield>
  </datafield>
  <datafield tag="435" ind1=" " ind2=" ">
    <subfield code="a">54 x 74,5 cm</subfield>
  </datafield>
  <datafield tag="439" ind1=" " ind2=" ">
    <subfield code="d">Lithographie</subfield>
  </datafield>
  <datafield tag="501" ind1=" " ind2=" ">
    <subfield code="a">Details zu kartographischem Inhalt: Farblich-thematische Unterscheidung der verschiedenen Sprachstämme.</subfield>
  </datafield>
  <datafield tag="501" ind1=" " ind2=" ">
    <subfield code="a">Ergänzender Inhalt: Tabelle mit der &quot;Politischen Eintheilung der oesterreichischen Monarchie&quot; mit Flächenangaben. - Tabelle mit &quot;...Zahl der Angehörigen der verschiedenen Sprachstämme&quot;</subfield>
  </datafield>
  <datafield tag="501" ind1=" " ind2=" ">
    <subfield code="a">Details zu Maßstabsangaben: Nummerischer und graphischer Maßstab, &quot;Wiener-Klafter&quot;, &quot;Oester. Meilen.&quot;</subfield>
  </datafield>
  <datafield tag="501" ind1=" " ind2=" ">
    <subfield code="a">Gitterlinien: Gitternetz ohne geographische Angaben</subfield>
  </datafield>
  <datafield tag="902" ind1=" " ind2=" ">
    <subfield code="g">Österreich</subfield>
    <subfield code="9">(DE-588)4043271-3</subfield>
  </datafield>
  <datafield tag="902" ind1=" " ind2=" ">
    <subfield code="s">Volkskunde</subfield>
    <subfield code="9">(DE-588)4078937-8</subfield>
  </datafield>
  <datafield tag="902" ind1=" " ind2=" ">
    <subfield code="f">Karte</subfield>
  </datafield>
  <datafield tag="904" ind1="a" ind2=" ">
    <subfield code="a">ONBKRP</subfield>
  </datafield>
  <datafield tag="907" ind1=" " ind2=" ">
    <subfield code="g">Österreich</subfield>
    <subfield code="9">(DE-588)4043271-3</subfield>
  </datafield>
  <datafield tag="907" ind1=" " ind2=" ">
    <subfield code="s">Bevölkerung</subfield>
    <subfield code="9">(DE-588)4006287-9</subfield>
  </datafield>
  <datafield tag="907" ind1=" " ind2=" ">
    <subfield code="s">Thematische Karte</subfield>
    <subfield code="9">(DE-588)4078238-4</subfield>
  </datafield>
  <datafield tag="907" ind1=" " ind2=" ">
    <subfield code="f">Karte</subfield>
  </datafield>
  <datafield tag="909" ind1="a" ind2=" ">
    <subfield code="a">ONBKRP</subfield>
  </datafield>
</record>