

<record xmlns="http://www.loc.gov/MARC21/slim"
xmlns:xsi="http://www.w3.org/2001/XMLSchema-instance"
xsi:schemaLocation="http://www.loc.gov/MARC21/slim
http://www.loc.gov/standards/marcxml/schema/MARC21slim.xsd">
  <leader>00000nM2.01200024      h</leader>
  <controlfield tag="LDR">00000nM2.01200024      h</controlfield>
  <controlfield tag="FMT">MH</controlfield>
  <datafield tag="001" ind1=" " ind2=" ">
    <subfield code="a">AC12226339</subfield>
  </datafield>
  <datafield tag="002" ind1="a" ind2=" ">
    <subfield code="a">20150325</subfield>
  </datafield>
  <datafield tag="003" ind1=" " ind2=" ">
    <subfield code="a">20161116</subfield>
  </datafield>
  <datafield tag="026" ind1=" " ind2=" ">
    <subfield code="a">OBVAC12226339</subfield>
  </datafield>
  <controlfield tag="030">a|1urr|||||17</controlfield>
  <datafield tag="036" ind1="a" ind2=" ">
    <subfield code="a">FR</subfield>
  </datafield>
  <datafield tag="037" ind1="b" ind2=" ">
    <subfield code="a">lat</subfield>
  </datafield>
  <datafield tag="034" ind1=" " ind2=" ">
    <subfield code="a">a</subfield>
    <subfield code="2">bound</subfield>
    <subfield code="b">85000000</subfield>
    <subfield code="d">W1800000</subfield>
    <subfield code="e">E1800000</subfield>
    <subfield code="f">N0900000</subfield>
    <subfield code="g">S0900000</subfield>
  </datafield>
  <controlfield tag="050">||a|||||||a|||</controlfield>
  <controlfield tag="051">m|||||||</controlfield>
  <datafield tag="060" ind1=" " ind2=" ">
    <subfield code="b">cri</subfield>
  </datafield>
  <datafield tag="061" ind1=" " ind2=" ">
    <subfield code="b">n</subfield>
  </datafield>
  <datafield tag="062" ind1=" " ind2=" ">
    <subfield code="b">nb</subfield>
  </datafield>
  <datafield tag="064" ind1="a" ind2=" ">
    <subfield code="a">Altkarte</subfield>
    <subfield code="9">(DE-588)4611904-8</subfield>
  </datafield>
  <datafield tag="070" ind1=" " ind2=" ">
    <subfield code="a">OAW</subfield>
  </datafield>
  <datafield tag="070" ind1="b" ind2=" ">
    <subfield code="a">OAW</subfield>
  </datafield>
  <datafield tag="076" ind1="s" ind2=" ">
    <subfield code="a">54</subfield>
  </datafield>
  <datafield tag="100" ind1=" " ind2=" ">
    <subfield code="p">Finé, Oronce</subfield>
    <subfield code="d">1494-1555</subfield>
    <subfield code="9">(DE-588)120463709</subfield>
    <subfield code="4">ctg</subfield>
  </datafield>
  <datafield tag="331" ind1=" " ind2=" ">
    <subfield code="a">Nova, Et Integra Universi Orbis Descriptio</subfield>
  </datafield>
  <datafield tag="359" ind1=" " ind2=" ">
    <subfield code="a">Orontius F. Delph.</subfield>
  </datafield>
  <datafield tag="407" ind1=" " ind2=" ">
    <subfield code="a">Circa 1:85 000 000</subfield>
  </datafield>
  <datafield tag="419" ind1=" " ind2=" ">
    <subfield code="a">[Paris]</subfield>
    <subfield code="b">Christiano Wechelo</subfield>
    <subfield code="c">1531</subfield>
  </datafield>
  <datafield tag="425" ind1="a" ind2=" ">
    <subfield code="a">1531</subfield>
  </datafield>
  <datafield tag="433" ind1=" " ind2=" ">
    <subfield code="a">1 Karte</subfield>
  </datafield>
  <datafield tag="435" ind1=" " ind2=" ">
    <subfield code="a">41 x 29</subfield>
  </datafield>
  <datafield tag="439" ind1=" " ind2=" ">
    <subfield code="d">Holzschnitt</subfield>
  </datafield>
  <datafield tag="501" ind1=" " ind2=" ">
    <subfield code="a">Details zu illustrierendem Inhalt: Mit Wappen der Dauphiné</subfield>
  </datafield>
  <datafield tag="501" ind1=" " ind2=" ">
    <subfield code="a">Details zu kartographischem Inhalt: Weltkarte in 2 Hemispären</subfield>
  </datafield>
  <datafield tag="501" ind1=" " ind2=" ">
    <subfield code="a">Gitterlinien: Längen- und Breitenangaben in 10&apos; Schritten</subfield>
  </datafield>
  <datafield tag="501" ind1=" " ind2=" ">
    <subfield code="a">Nullmeridian: Ferro</subfield>
  </datafield>
  <datafield tag="501" ind1=" " ind2=" ">
    <subfield code="a">Projektion: Stab-Wernersche Projektion</subfield>
  </datafield>
  <datafield tag="677" ind1=" " ind2=" ">
    <subfield code="p">Wechel, Christian</subfield>
    <subfield code="d">1495-1554</subfield>
    <subfield code="9">(DE-588)122560361</subfield>
    <subfield code="4">pbl</subfield>
  </datafield>
  <datafield tag="902" ind1=" " ind2=" ">
    <subfield code="s">Planiglob</subfield>
    <subfield code="9">(DE-588)4746879-8</subfield>
  </datafield>
  <datafield tag="902" ind1=" " ind2=" ">
    <subfield code="s">Weltkarte</subfield>
    <subfield code="9">(DE-588)4065368-7</subfield>
  </datafield>
  <datafield tag="902" ind1=" " ind2=" ">
    <subfield code="f">Altkarte</subfield>
  </datafield>
  <datafield tag="904" ind1="a" ind2=" ">
    <subfield code="a">OAWKXA</subfield>
  </datafield>
</record>