

<record xmlns="http://www.loc.gov/MARC21/slim"
xmlns:xsi="http://www.w3.org/2001/XMLSchema-instance"
xsi:schemaLocation="http://www.loc.gov/MARC21/slim
http://www.loc.gov/standards/marcxml/schema/MARC21slim.xsd">
  <leader>00000nM2.01200024      h</leader>
  <controlfield tag="LDR">00000nM2.01200024      h</controlfield>
  <controlfield tag="FMT">MH</controlfield>
  <datafield tag="001" ind1=" " ind2=" ">
    <subfield code="a">AC12307523</subfield>
  </datafield>
  <datafield tag="002" ind1="a" ind2=" ">
    <subfield code="a">20150618</subfield>
  </datafield>
  <datafield tag="002" ind1="a" ind2=" ">
    <subfield code="a">20150618</subfield>
  </datafield>
  <datafield tag="003" ind1=" " ind2=" ">
    <subfield code="a">20161121</subfield>
  </datafield>
  <datafield tag="026" ind1=" " ind2=" ">
    <subfield code="a">OBVAC12307523</subfield>
  </datafield>
  <controlfield tag="030">a|1urr|||||17</controlfield>
  <datafield tag="036" ind1="a" ind2=" ">
    <subfield code="a">XA-NL</subfield>
  </datafield>
  <datafield tag="037" ind1="b" ind2=" ">
    <subfield code="a">lat</subfield>
  </datafield>
  <datafield tag="034" ind1=" " ind2=" ">
    <subfield code="a">a</subfield>
    <subfield code="b">85000000</subfield>
    <subfield code="d">W1800000</subfield>
    <subfield code="e">E1800000</subfield>
    <subfield code="f">N0800000</subfield>
    <subfield code="g">S0800000</subfield>
  </datafield>
  <controlfield tag="050">||a|||||||a|||</controlfield>
  <controlfield tag="051">m|||||||</controlfield>
  <datafield tag="060" ind1=" " ind2=" ">
    <subfield code="b">cri</subfield>
  </datafield>
  <datafield tag="061" ind1=" " ind2=" ">
    <subfield code="b">n</subfield>
  </datafield>
  <datafield tag="062" ind1=" " ind2=" ">
    <subfield code="b">nb</subfield>
  </datafield>
  <datafield tag="064" ind1="a" ind2=" ">
    <subfield code="a">Altkarte</subfield>
    <subfield code="9">(DE-588)4611904-8</subfield>
  </datafield>
  <datafield tag="064" ind1="a" ind2=" ">
    <subfield code="a">Weltkarte</subfield>
    <subfield code="9">(DE-588)4065368-7</subfield>
  </datafield>
  <datafield tag="070" ind1=" " ind2=" ">
    <subfield code="a">OAW</subfield>
  </datafield>
  <datafield tag="070" ind1="b" ind2=" ">
    <subfield code="a">OAW</subfield>
  </datafield>
  <datafield tag="076" ind1="s" ind2=" ">
    <subfield code="a">54</subfield>
  </datafield>
  <datafield tag="100" ind1=" " ind2=" ">
    <subfield code="p">Hondius, Jodocus</subfield>
    <subfield code="d">1563-1612</subfield>
    <subfield code="9">(DE-588)119072149</subfield>
    <subfield code="4">ctg</subfield>
    <subfield code="4">edt</subfield>
  </datafield>
  <datafield tag="104" ind1="b" ind2=" ">
    <subfield code="p">Briggs, Henry</subfield>
    <subfield code="d">1561-1630</subfield>
    <subfield code="9">(DE-588)11866008X</subfield>
    <subfield code="4">dte</subfield>
  </datafield>
  <datafield tag="108" ind1="b" ind2=" ">
    <subfield code="p">Wright, Edward</subfield>
    <subfield code="d">1558-1615</subfield>
    <subfield code="9">(DE-588)108978788X</subfield>
    <subfield code="4">dte</subfield>
  </datafield>
  <datafield tag="112" ind1="b" ind2=" ">
    <subfield code="a">Brewer, Robert</subfield>
  </datafield>
  <datafield tag="331" ind1=" " ind2=" ">
    <subfield code="a">Typus Totius Orbis Terrarum,</subfield>
  </datafield>
  <datafield tag="335" ind1=" " ind2=" ">
    <subfield code="a">In Quo &amp; Christiani militis certamen super terram (in pietatis studiosi gratiam) graphicè designatur</subfield>
  </datafield>
  <datafield tag="359" ind1=" " ind2=" ">
    <subfield code="a">I. Hondius excudit</subfield>
  </datafield>
  <datafield tag="407" ind1=" " ind2=" ">
    <subfield code="a">Circa 1:85 000 000 am Äquator</subfield>
  </datafield>
  <datafield tag="419" ind1=" " ind2=" ">
    <subfield code="a">[Amsterdam]</subfield>
    <subfield code="b">à Iud. Hondio cælatore</subfield>
    <subfield code="c">[1597?]</subfield>
  </datafield>
  <datafield tag="425" ind1="a" ind2=" ">
    <subfield code="a">1597</subfield>
  </datafield>
  <datafield tag="433" ind1=" " ind2=" ">
    <subfield code="a">1 Karte</subfield>
  </datafield>
  <datafield tag="434" ind1=" " ind2=" ">
    <subfield code="a">schwarz-weiß</subfield>
  </datafield>
  <datafield tag="435" ind1=" " ind2=" ">
    <subfield code="a">35 x 46 cm</subfield>
  </datafield>
  <datafield tag="439" ind1=" " ind2=" ">
    <subfield code="d">Kupferstich</subfield>
  </datafield>
  <datafield tag="501" ind1=" " ind2=" ">
    <subfield code="a">Details zu illustrierendem Inhalt: Unten Illustration von König Heinrich IV. von Navarra als Christlicher Ritter im Kampf gegen fünf Gegner, Mundus-die weltliche Verlockung, Peccatum-die Sünde, Caro-die sinnliche Lust, Diabolus-der Teufel und Mors-der Tod. Die Illustration wird von 30 Bibelzitaten umgeben.</subfield>
  </datafield>
  <datafield tag="501" ind1=" " ind2=" ">
    <subfield code="a">Gitterlinien: Längen- und Breitenangaben in 10°-Schritten</subfield>
  </datafield>
  <datafield tag="501" ind1=" " ind2=" ">
    <subfield code="a">Nullmeridian: Kapverden</subfield>
  </datafield>
  <datafield tag="501" ind1=" " ind2=" ">
    <subfield code="a">Projektion: Mercatorprojektion</subfield>
  </datafield>
  <datafield tag="501" ind1=" " ind2=" ">
    <subfield code="a">Widmung: Links unten: &quot;Doctissimis Or: natissimisque viris, D. D. R. Brewero. H. Briggio, et Ed. Wrichto. medicis celeberrnnis [sic] Matheseos eximiis Professoribu. in amicitae verae μνημοóσωου D.D. I Hondius&quot;</subfield>
  </datafield>
  <datafield tag="501" ind1=" " ind2=" ">
    <subfield code="a">Sonstige Details: Exemplar ÖAW-Sammlung Woldan koloriert</subfield>
  </datafield>
</record>