

<record xmlns="http://www.loc.gov/MARC21/slim"
xmlns:xsi="http://www.w3.org/2001/XMLSchema-instance"
xsi:schemaLocation="http://www.loc.gov/MARC21/slim
http://www.loc.gov/standards/marcxml/schema/MARC21slim.xsd">
  <leader>     nM2.01200024      h</leader>
  <controlfield tag="LDR">     nM2.01200024      h</controlfield>
  <controlfield tag="FMT">MH</controlfield>
  <datafield tag="001" ind1=" " ind2=" ">
    <subfield code="a">AC09369655</subfield>
  </datafield>
  <datafield tag="002" ind1="a" ind2=" ">
    <subfield code="a">20120622</subfield>
  </datafield>
  <datafield tag="003" ind1=" " ind2=" ">
    <subfield code="a">20161116</subfield>
  </datafield>
  <datafield tag="026" ind1=" " ind2=" ">
    <subfield code="a">OBVAC09369655</subfield>
  </datafield>
  <controlfield tag="030">a|1urr|||||15</controlfield>
  <datafield tag="036" ind1="a" ind2=" ">
    <subfield code="a">XA-DXDE</subfield>
  </datafield>
  <datafield tag="037" ind1="b" ind2=" ">
    <subfield code="a">ger</subfield>
  </datafield>
  <controlfield tag="050">a|a|||||||||||</controlfield>
  <controlfield tag="051">m|||||||</controlfield>
  <datafield tag="060" ind1=" " ind2=" ">
    <subfield code="b">cri</subfield>
  </datafield>
  <datafield tag="061" ind1=" " ind2=" ">
    <subfield code="b">n</subfield>
  </datafield>
  <datafield tag="062" ind1=" " ind2=" ">
    <subfield code="b">nc</subfield>
  </datafield>
  <datafield tag="064" ind1="a" ind2=" ">
    <subfield code="a">Altkarte</subfield>
    <subfield code="9">(DE-588)4611904-8</subfield>
  </datafield>
  <datafield tag="070" ind1=" " ind2=" ">
    <subfield code="a">OAW</subfield>
  </datafield>
  <datafield tag="070" ind1="b" ind2=" ">
    <subfield code="a">OAW</subfield>
  </datafield>
  <datafield tag="076" ind1="s" ind2=" ">
    <subfield code="a">50</subfield>
  </datafield>
  <datafield tag="100" ind1=" " ind2=" ">
    <subfield code="p">Köhler, Johann David</subfield>
    <subfield code="d">1684-1755</subfield>
    <subfield code="9">(DE-588)11872424X</subfield>
  </datafield>
  <datafield tag="104" ind1="b" ind2=" ">
    <subfield code="p">Weigel, Christoph</subfield>
    <subfield code="d">1654-1725</subfield>
    <subfield code="9">(DE-588)118630067</subfield>
    <subfield code="4">prf</subfield>
  </datafield>
  <datafield tag="310" ind1=" " ind2=" ">
    <subfield code="a">Bequemer Schul- und Reisen-Atlas</subfield>
  </datafield>
  <datafield tag="331" ind1=" " ind2=" ">
    <subfield code="a">&lt;&lt;Johann David Koehlers Historiarum &amp; Politices Professoris Publici auf der Nürnbergischen Universitaet Altdorff&gt;&gt; Bequemer Schul- und Reisen-Atlas</subfield>
  </datafield>
  <datafield tag="335" ind1=" " ind2=" ">
    <subfield code="a">Aller Zu Erlernung der Alten, Mittlern und Neuen Geographie dienlichen Universal- und Particular-Charten, Welche alle Auf eine solche neue und besondere Art illuminirt, daß man nicht nur alleine nach denen verschiedentlich aufgetragenen Farben deren Abtheilung und Graentzen alsobald genau unterscheiden, Sondern auch noch über dieses dabey gleich bey den ersten Augenblick erkennen kan Wem erstlich jegliches Land in denen Welt-Theilen zugehoere, Und dann auch Was solches fuer einer Religion beygethan, Nebst Einer im Druck beygefuegten kurtzen Geographischen Anleitung Und Etlichen Heraldischen Charten, welche die Wappen aller Koenigreiche und Laender, davon die Charten in diesen Atlante befindlich, und die sonsten gewoehnlicher massen denenselben pflegen zur Zierde beygestochen zu werden, zu bessern Gebrauch besonders, und auf das alleraccurateste vorstellen ; Mit Roem. Kayserl. Maj. allergnaedigst ertheilten Privilegio</subfield>
  </datafield>
  <datafield tag="359" ind1=" " ind2=" ">
    <subfield code="a">ausgefertiget von Christoph Weigeln / Kunsthändlern in Nürnberg</subfield>
  </datafield>
  <datafield tag="370" ind1="a" ind2=" ">
    <subfield code="a">Bequemer Schul- und Reisen-Atlas</subfield>
  </datafield>
  <datafield tag="407" ind1=" " ind2=" ">
    <subfield code="a">verschiedene Maßstäbe</subfield>
  </datafield>
  <datafield tag="419" ind1="c" ind2=" ">
    <subfield code="a">Nürnberg</subfield>
    <subfield code="b">Gedruckt bey Johann Ernst Adelbulnern</subfield>
    <subfield code="c">1718</subfield>
  </datafield>
  <datafield tag="425" ind1="a" ind2=" ">
    <subfield code="a">1718</subfield>
  </datafield>
  <datafield tag="433" ind1=" " ind2=" ">
    <subfield code="a">ungezählte Blätter</subfield>
  </datafield>
  <datafield tag="434" ind1=" " ind2=" ">
    <subfield code="a">Karten</subfield>
  </datafield>
  <datafield tag="435" ind1=" " ind2=" ">
    <subfield code="a">36 x 42 cm</subfield>
  </datafield>
  <datafield tag="902" ind1=" " ind2=" ">
    <subfield code="s">Atlas</subfield>
    <subfield code="9">(DE-588)4143303-8</subfield>
  </datafield>
  <datafield tag="904" ind1="a" ind2=" ">
    <subfield code="a">OAWGH</subfield>
  </datafield>
</record>