

<record xmlns="http://www.loc.gov/MARC21/slim"
xmlns:xsi="http://www.w3.org/2001/XMLSchema-instance"
xsi:schemaLocation="http://www.loc.gov/MARC21/slim
http://www.loc.gov/standards/marcxml/schema/MARC21slim.xsd">
  <leader>     nM2.01200024      h</leader>
  <controlfield tag="LDR">     nM2.01200024      h</controlfield>
  <controlfield tag="FMT">MH</controlfield>
  <datafield tag="001" ind1=" " ind2=" ">
    <subfield code="a">AC04564092</subfield>
  </datafield>
  <datafield tag="002" ind1="a" ind2=" ">
    <subfield code="a">20050706</subfield>
  </datafield>
  <datafield tag="003" ind1=" " ind2=" ">
    <subfield code="a">20161116</subfield>
  </datafield>
  <datafield tag="026" ind1=" " ind2=" ">
    <subfield code="a">OBVAC04564092</subfield>
  </datafield>
  <controlfield tag="030">a|1urr|||||17</controlfield>
  <datafield tag="036" ind1="a" ind2=" ">
    <subfield code="a">XA-AAAT</subfield>
  </datafield>
  <datafield tag="037" ind1="b" ind2=" ">
    <subfield code="a">ger</subfield>
    <subfield code="a">fre</subfield>
  </datafield>
  <controlfield tag="050">a|a|||||||||||</controlfield>
  <controlfield tag="051">s|||||||</controlfield>
  <datafield tag="060" ind1=" " ind2=" ">
    <subfield code="b">cri</subfield>
  </datafield>
  <datafield tag="061" ind1=" " ind2=" ">
    <subfield code="b">n</subfield>
  </datafield>
  <datafield tag="062" ind1=" " ind2=" ">
    <subfield code="b">nb</subfield>
  </datafield>
  <datafield tag="064" ind1="a" ind2=" ">
    <subfield code="a">Altkarte</subfield>
    <subfield code="9">(DE-588)4611904-8</subfield>
  </datafield>
  <datafield tag="070" ind1=" " ind2=" ">
    <subfield code="a">OAW</subfield>
  </datafield>
  <datafield tag="070" ind1="b" ind2=" ">
    <subfield code="a">OAW</subfield>
  </datafield>
  <datafield tag="076" ind1="s" ind2=" ">
    <subfield code="a">50</subfield>
  </datafield>
  <datafield tag="100" ind1=" " ind2=" ">
    <subfield code="p">Maire, François Joseph</subfield>
    <subfield code="d">1738-1788</subfield>
    <subfield code="9">(DE-588)129300616</subfield>
  </datafield>
  <datafield tag="331" ind1=" " ind2=" ">
    <subfield code="a">Grundriß und Durchschnitt zwoer Schleusen um die Bewegungsart zu zeigen wie ein Schiff sich stuffenweise zu gewissen Hoehen erheben und ebenso wieder abwaerts gehen koenne</subfield>
  </datafield>
  <datafield tag="359" ind1=" " ind2=" ">
    <subfield code="a">[François Joseph Maire]</subfield>
  </datafield>
  <datafield tag="370" ind1="a" ind2=" ">
    <subfield code="a">Plan et Coupe de deux Ecluses a l&apos;effer de montrer par quel mecanisme un Bateau peut, s&apos;élever graduellement à de certaines hauteurs et en descendre</subfield>
  </datafield>
  <datafield tag="419" ind1=" " ind2=" ">
    <subfield code="a">[Wien]</subfield>
    <subfield code="b">[Ch. &amp; Fred. Bargum &amp; Comp.]</subfield>
    <subfield code="c">[1786]</subfield>
  </datafield>
  <datafield tag="425" ind1="a" ind2=" ">
    <subfield code="a">1786</subfield>
  </datafield>
  <datafield tag="433" ind1=" " ind2=" ">
    <subfield code="a">1 Plan</subfield>
  </datafield>
  <datafield tag="434" ind1=" " ind2=" ">
    <subfield code="a">schwarz-weiß</subfield>
  </datafield>
  <datafield tag="435" ind1=" " ind2=" ">
    <subfield code="a">36 x 48 cm</subfield>
  </datafield>
  <datafield tag="439" ind1=" " ind2=" ">
    <subfield code="d">Kupferstich</subfield>
  </datafield>
  <datafield tag="451" ind1=" " ind2=" ">
    <subfield code="a">Six Cartes relatives</subfield>
    <subfield code="v">N.° VI</subfield>
  </datafield>
  <datafield tag="453" ind1="m" ind2=" ">
    <subfield code="a">AC04563987</subfield>
  </datafield>
  <datafield tag="455" ind1=" " ind2=" ">
    <subfield code="a">N.° VI</subfield>
  </datafield>
  <datafield tag="456" ind1=" " ind2=" ">
    <subfield code="a">6</subfield>
  </datafield>
  <datafield tag="501" ind1=" " ind2=" ">
    <subfield code="a">Details zu illustrierendem Inhalt: Durchschnitte und Grundrisse</subfield>
  </datafield>
  <datafield tag="501" ind1=" " ind2=" ">
    <subfield code="a">Sonstige Details: Exemplar ÖAW-Sammlung Woldan auf Leinen aufgezogen</subfield>
  </datafield>
  <datafield tag="530" ind1=" " ind2=" ">
    <subfield code="p">Enthalten in</subfield>
    <subfield code="a">Maire, François Joseph, 1738-1788. Hydrographische Karte der oestreichischen Erbstaaten diesseits des Rheins. Wien, Ch. &amp; Fred. Bargum &amp; Comp., [1786]</subfield>
    <subfield code="9">AC03762591</subfield>
  </datafield>
  <datafield tag="902" ind1=" " ind2=" ">
    <subfield code="s">Schleuse</subfield>
    <subfield code="9">(DE-588)4179732-2</subfield>
  </datafield>
  <datafield tag="902" ind1=" " ind2=" ">
    <subfield code="s">Wasserbau</subfield>
    <subfield code="9">(DE-588)4064700-6</subfield>
  </datafield>
  <datafield tag="902" ind1=" " ind2=" ">
    <subfield code="f">Altkarte</subfield>
  </datafield>
  <datafield tag="904" ind1="a" ind2=" ">
    <subfield code="a">ONBKRP</subfield>
  </datafield>
</record>