

<record xmlns="http://www.loc.gov/MARC21/slim"
xmlns:xsi="http://www.w3.org/2001/XMLSchema-instance"
xsi:schemaLocation="http://www.loc.gov/MARC21/slim
http://www.loc.gov/standards/marcxml/schema/MARC21slim.xsd">
  <leader>00806nM2.01000024      h</leader>
  <controlfield tag="LDR">00806nM2.01000024      h</controlfield>
  <controlfield tag="FMT">MH</controlfield>
  <datafield tag="001" ind1=" " ind2=" ">
    <subfield code="a">AC00677476</subfield>
  </datafield>
  <datafield tag="002" ind1="a" ind2=" ">
    <subfield code="a">19930727</subfield>
  </datafield>
  <datafield tag="003" ind1=" " ind2=" ">
    <subfield code="a">20161118</subfield>
  </datafield>
  <datafield tag="026" ind1=" " ind2=" ">
    <subfield code="a">OBVAC00677476</subfield>
  </datafield>
  <controlfield tag="030">a|1urr|||||17</controlfield>
  <datafield tag="036" ind1="a" ind2=" ">
    <subfield code="a">XA-DE</subfield>
  </datafield>
  <datafield tag="037" ind1="b" ind2=" ">
    <subfield code="a">ger</subfield>
  </datafield>
  <datafield tag="034" ind1=" " ind2=" ">
    <subfield code="a">a</subfield>
    <subfield code="b">500000</subfield>
    <subfield code="d">E0115200</subfield>
    <subfield code="e">E0141800</subfield>
    <subfield code="f">N0482100</subfield>
    <subfield code="g">N0465400</subfield>
    <subfield code="2">bound</subfield>
  </datafield>
  <controlfield tag="050">||||||||||a|||</controlfield>
  <controlfield tag="051">m||||||</controlfield>
  <datafield tag="060" ind1=" " ind2=" ">
    <subfield code="b">cri</subfield>
  </datafield>
  <datafield tag="061" ind1=" " ind2=" ">
    <subfield code="b">n</subfield>
  </datafield>
  <datafield tag="062" ind1=" " ind2=" ">
    <subfield code="b">nb</subfield>
  </datafield>
  <datafield tag="064" ind1="a" ind2=" ">
    <subfield code="a">Karte</subfield>
    <subfield code="9">(DE-588)4029783-4</subfield>
  </datafield>
  <datafield tag="070" ind1=" " ind2=" ">
    <subfield code="a">UBS</subfield>
  </datafield>
  <datafield tag="070" ind1="b" ind2=" ">
    <subfield code="a">OAW</subfield>
  </datafield>
  <datafield tag="076" ind1="s" ind2=" ">
    <subfield code="a">54</subfield>
  </datafield>
  <datafield tag="100" ind1=" " ind2=" ">
    <subfield code="p">Mayr, Johann Georg</subfield>
    <subfield code="d">1800-1864</subfield>
    <subfield code="9">(DE-588)123493889</subfield>
    <subfield code="4">ctg</subfield>
  </datafield>
  <datafield tag="104" ind1="a" ind2=" ">
    <subfield code="p">Bauer, Robert</subfield>
    <subfield code="9">(DE-588)116085762</subfield>
    <subfield code="4">ctg</subfield>
  </datafield>
  <datafield tag="331" ind1=" " ind2=" ">
    <subfield code="a">Reise- und Gebirgs-Karte vom Lande Salzburg mit Berchtesgaden und dem Salzkammergut nebst den angränzenden österreichisch- und bayerischen Landestheilen</subfield>
  </datafield>
  <datafield tag="359" ind1=" " ind2=" ">
    <subfield code="a">bearbeitet gezeichnet und gestochen von Gg. Mayr, München ; Berichtigt u. ergänzt v. Robert Bauer</subfield>
  </datafield>
  <datafield tag="407" ind1=" " ind2=" ">
    <subfield code="a">1:500 000</subfield>
  </datafield>
  <datafield tag="419" ind1=" " ind2=" ">
    <subfield code="a">Regensburg</subfield>
    <subfield code="b">Alfred Coppenrath (H. Pawelek)</subfield>
    <subfield code="c">[1880?]</subfield>
  </datafield>
  <datafield tag="425" ind1="a" ind2=" ">
    <subfield code="a">1880</subfield>
  </datafield>
  <datafield tag="433" ind1=" " ind2=" ">
    <subfield code="a">1 Karte</subfield>
  </datafield>
  <datafield tag="435" ind1=" " ind2=" ">
    <subfield code="a">37 x 36 cm, gefaltet 10 x 15 cm</subfield>
  </datafield>
  <datafield tag="439" ind1=" " ind2=" ">
    <subfield code="d">Chromolithographie</subfield>
  </datafield>
  <datafield tag="501" ind1=" " ind2=" ">
    <subfield code="a">Details zu kartographischen Inhalt: Mit Böschungsschraffen und Höhenkoten. - Mit Distanzangaben zwischen Poststationen.</subfield>
  </datafield>
  <datafield tag="501" ind1=" " ind2=" ">
    <subfield code="a">Ergänzender Inhalt: Höhenprofil &quot;Vergleichende Höhen Darstellung besonders des Salzburger=Tauern=Gebirgs...&quot;. - Zeichenerklärung rechts unten</subfield>
  </datafield>
  <datafield tag="501" ind1=" " ind2=" ">
    <subfield code="a">Details zu Maßstabsangaben: Maßstab in graphischer Form, &quot;Meilen&quot;</subfield>
  </datafield>
  <datafield tag="501" ind1=" " ind2=" ">
    <subfield code="a">Gitterlinien: Geographische Koordinaten im Kartenrand in 0,5° Schritten</subfield>
  </datafield>
  <datafield tag="501" ind1=" " ind2=" ">
    <subfield code="a">Bezugsmeridian: Ferro</subfield>
  </datafield>
  <datafield tag="677" ind1=" " ind2=" ">
    <subfield code="p">Mayr, Johann Georg</subfield>
    <subfield code="d">1800-1864</subfield>
    <subfield code="9">(DE-588)123493889</subfield>
    <subfield code="4">egr</subfield>
  </datafield>
  <datafield tag="902" ind1=" " ind2=" ">
    <subfield code="g">Salzkammergut</subfield>
    <subfield code="9">(DE-588)4051442-0</subfield>
  </datafield>
  <datafield tag="902" ind1=" " ind2=" ">
    <subfield code="f">Karte</subfield>
  </datafield>
  <datafield tag="904" ind1="a" ind2=" ">
    <subfield code="a">UBS</subfield>
  </datafield>
  <datafield tag="907" ind1=" " ind2=" ">
    <subfield code="g">Berchtesgaden</subfield>
    <subfield code="9">(DE-588)4005574-7</subfield>
  </datafield>
  <datafield tag="907" ind1=" " ind2=" ">
    <subfield code="f">Karte</subfield>
  </datafield>
  <datafield tag="909" ind1="a" ind2=" ">
    <subfield code="a">UBS</subfield>
  </datafield>
  <datafield tag="912" ind1=" " ind2=" ">
    <subfield code="g">Land Salzburg</subfield>
    <subfield code="9">(DE-588)4051423-7</subfield>
  </datafield>
  <datafield tag="912" ind1=" " ind2=" ">
    <subfield code="f">Karte</subfield>
  </datafield>
  <datafield tag="914" ind1="a" ind2=" ">
    <subfield code="a">UBS</subfield>
  </datafield>
</record>