

<record xmlns="http://www.loc.gov/MARC21/slim"
xmlns:xsi="http://www.w3.org/2001/XMLSchema-instance"
xsi:schemaLocation="http://www.loc.gov/MARC21/slim
http://www.loc.gov/standards/marcxml/schema/MARC21slim.xsd">
  <leader>     nM2.01200024      h</leader>
  <controlfield tag="LDR">     nM2.01200024      h</controlfield>
  <controlfield tag="FMT">MH</controlfield>
  <datafield tag="001" ind1=" " ind2=" ">
    <subfield code="a">AC04042189</subfield>
  </datafield>
  <datafield tag="002" ind1="a" ind2=" ">
    <subfield code="a">20040319</subfield>
  </datafield>
  <datafield tag="003" ind1=" " ind2=" ">
    <subfield code="a">20161116</subfield>
  </datafield>
  <datafield tag="026" ind1=" " ind2=" ">
    <subfield code="a">OBVAC04042189</subfield>
  </datafield>
  <controlfield tag="030">a|1urr|||||17</controlfield>
  <datafield tag="036" ind1="a" ind2=" ">
    <subfield code="a">XA-AAAT</subfield>
  </datafield>
  <datafield tag="037" ind1="b" ind2=" ">
    <subfield code="a">ger</subfield>
  </datafield>
  <datafield tag="034" ind1=" " ind2=" ">
    <subfield code="a">a</subfield>
    <subfield code="2">bound</subfield>
    <subfield code="d">E0011100</subfield>
    <subfield code="e">E0391900</subfield>
    <subfield code="f">N0561400</subfield>
    <subfield code="g">N0374300</subfield>
  </datafield>
  <controlfield tag="050">||a|||||||a|||</controlfield>
  <controlfield tag="051">m||||||</controlfield>
  <datafield tag="060" ind1=" " ind2=" ">
    <subfield code="b">cri</subfield>
  </datafield>
  <datafield tag="061" ind1=" " ind2=" ">
    <subfield code="b">n</subfield>
  </datafield>
  <datafield tag="062" ind1=" " ind2=" ">
    <subfield code="b">nb</subfield>
  </datafield>
  <datafield tag="064" ind1="a" ind2=" ">
    <subfield code="a">Altkarte</subfield>
    <subfield code="9">(DE-588)4611904-8</subfield>
  </datafield>
  <datafield tag="070" ind1=" " ind2=" ">
    <subfield code="a">OAW</subfield>
  </datafield>
  <datafield tag="070" ind1="b" ind2=" ">
    <subfield code="a">OAW</subfield>
  </datafield>
  <datafield tag="076" ind1="s" ind2=" ">
    <subfield code="a">50</subfield>
  </datafield>
  <datafield tag="100" ind1=" " ind2=" ">
    <subfield code="p">Raffelsperger, Franz</subfield>
    <subfield code="d">1793-1861</subfield>
    <subfield code="9">(DE-588)116324155</subfield>
    <subfield code="4">ctg</subfield>
  </datafield>
  <datafield tag="331" ind1=" " ind2=" ">
    <subfield code="a">Influenzkarte der Eilpost-Diligenze- und Packwagen-Course in dem Kaiserthume Österreich und in den angränzenden Ländern bis Rom, Genua, Paris, Brüssel, Hamburg, Berlin, Petersburg, Odessa, Constatinopel, Corfu</subfield>
  </datafield>
  <datafield tag="359" ind1=" " ind2=" ">
    <subfield code="a">entworfen und herausgegeben von Franz Raffelsberger Official der K.K. Post- Hofbuchhaltung</subfield>
  </datafield>
  <datafield tag="403" ind1=" " ind2=" ">
    <subfield code="a">Dritte Auflage</subfield>
  </datafield>
  <datafield tag="407" ind1=" " ind2=" ">
    <subfield code="a">Nicht maßstabsgetreu</subfield>
  </datafield>
  <datafield tag="419" ind1=" " ind2=" ">
    <subfield code="a">Wien</subfield>
    <subfield code="b">Franz Raffelsberger</subfield>
    <subfield code="c">1834</subfield>
  </datafield>
  <datafield tag="425" ind1="a" ind2=" ">
    <subfield code="a">1834</subfield>
  </datafield>
  <datafield tag="433" ind1=" " ind2=" ">
    <subfield code="a">1 Karte</subfield>
  </datafield>
  <datafield tag="435" ind1=" " ind2=" ">
    <subfield code="a">50 x 68,5 cm</subfield>
  </datafield>
  <datafield tag="439" ind1=" " ind2=" ">
    <subfield code="d">Kupferstich</subfield>
  </datafield>
  <datafield tag="501" ind1=" " ind2=" ">
    <subfield code="a">Details zu kartographischem Inhalt: Topologische Karte</subfield>
  </datafield>
  <datafield tag="501" ind1=" " ind2=" ">
    <subfield code="a">Ergänzender Inhalt: Mit Angabe der Abfahrtszeiten der Postkutschen, Einwohnerzahlen und Entfernungen von Wien</subfield>
  </datafield>
  <datafield tag="902" ind1=" " ind2=" ">
    <subfield code="g">Österreich</subfield>
    <subfield code="9">(DE-588)4043271-3</subfield>
  </datafield>
  <datafield tag="902" ind1=" " ind2=" ">
    <subfield code="s">Poststation</subfield>
    <subfield code="9">(DE-588)4312694-7</subfield>
  </datafield>
  <datafield tag="902" ind1=" " ind2=" ">
    <subfield code="s">Verkehr</subfield>
    <subfield code="9">(DE-588)4062901-6</subfield>
  </datafield>
  <datafield tag="902" ind1=" " ind2=" ">
    <subfield code="f">Altkarte</subfield>
  </datafield>
  <datafield tag="904" ind1="a" ind2=" ">
    <subfield code="a">ONBKRP</subfield>
  </datafield>
  <datafield tag="907" ind1=" " ind2=" ">
    <subfield code="g">Mitteleuropa</subfield>
    <subfield code="9">(DE-588)4039677-0</subfield>
  </datafield>
  <datafield tag="907" ind1=" " ind2=" ">
    <subfield code="s">Verkehr</subfield>
    <subfield code="9">(DE-588)4062901-6</subfield>
  </datafield>
  <datafield tag="907" ind1=" " ind2=" ">
    <subfield code="n">Themakarte</subfield>
  </datafield>
  <datafield tag="909" ind1="a" ind2=" ">
    <subfield code="a">ONBKRP</subfield>
  </datafield>
</record>