

<record xmlns="http://www.loc.gov/MARC21/slim"
xmlns:xsi="http://www.w3.org/2001/XMLSchema-instance"
xsi:schemaLocation="http://www.loc.gov/MARC21/slim
http://www.loc.gov/standards/marcxml/schema/MARC21slim.xsd">
  <leader>00000nM2.01200024      h</leader>
  <controlfield tag="LDR">00000nM2.01200024      h</controlfield>
  <controlfield tag="FMT">MH</controlfield>
  <datafield tag="001" ind1=" " ind2=" ">
    <subfield code="a">AC12376372</subfield>
  </datafield>
  <datafield tag="002" ind1="a" ind2=" ">
    <subfield code="a">20150707</subfield>
  </datafield>
  <datafield tag="003" ind1=" " ind2=" ">
    <subfield code="a">20161116</subfield>
  </datafield>
  <datafield tag="026" ind1=" " ind2=" ">
    <subfield code="a">OBVAC12376372</subfield>
  </datafield>
  <controlfield tag="030">a|1urr|||||17</controlfield>
  <datafield tag="036" ind1="a" ind2=" ">
    <subfield code="a">XA-DXDE</subfield>
  </datafield>
  <datafield tag="037" ind1="b" ind2=" ">
    <subfield code="a">ger</subfield>
  </datafield>
  <datafield tag="034" ind1=" " ind2=" ">
    <subfield code="d">E0155000</subfield>
    <subfield code="e">E0245600</subfield>
    <subfield code="f">N0482000</subfield>
    <subfield code="g">N0432900</subfield>
    <subfield code="2">bound</subfield>
  </datafield>
  <controlfield tag="050">||a|||||||a|||</controlfield>
  <controlfield tag="051">m|||||||</controlfield>
  <datafield tag="060" ind1=" " ind2=" ">
    <subfield code="b">cri</subfield>
  </datafield>
  <datafield tag="061" ind1=" " ind2=" ">
    <subfield code="b">n</subfield>
  </datafield>
  <datafield tag="062" ind1=" " ind2=" ">
    <subfield code="b">nb</subfield>
  </datafield>
  <datafield tag="064" ind1="a" ind2=" ">
    <subfield code="a">Altkarte</subfield>
    <subfield code="9">(DE-588)4611904-8</subfield>
  </datafield>
  <datafield tag="070" ind1=" " ind2=" ">
    <subfield code="a">OAW</subfield>
  </datafield>
  <datafield tag="070" ind1="b" ind2=" ">
    <subfield code="a">OAW</subfield>
  </datafield>
  <datafield tag="076" ind1="s" ind2=" ">
    <subfield code="a">50</subfield>
  </datafield>
  <datafield tag="100" ind1=" " ind2=" ">
    <subfield code="p">Sandrart, Jakob &lt;&lt;von&gt;&gt;</subfield>
    <subfield code="d">1630-1708</subfield>
    <subfield code="9">(DE-588)116801298</subfield>
    <subfield code="4">ctg</subfield>
  </datafield>
  <datafield tag="331" ind1=" " ind2=" ">
    <subfield code="a">Neue Land-Tafel von Hungarn und dessen incorporirten Königreichen und Provinzen</subfield>
  </datafield>
  <datafield tag="335" ind1=" " ind2=" ">
    <subfield code="a">auß den besten Mappen verfertigt und gebessert</subfield>
  </datafield>
  <datafield tag="359" ind1=" " ind2=" ">
    <subfield code="a">Zu finden in Nürnberg bey Jacob Sandrart</subfield>
  </datafield>
  <datafield tag="407" ind1=" " ind2=" ">
    <subfield code="a">Circa 1:1 000 000</subfield>
  </datafield>
  <datafield tag="419" ind1=" " ind2=" ">
    <subfield code="a">Nürnberg</subfield>
    <subfield code="b">Jacob Sandrart</subfield>
    <subfield code="c">[1664]</subfield>
  </datafield>
  <datafield tag="425" ind1="a" ind2=" ">
    <subfield code="a">1664</subfield>
  </datafield>
  <datafield tag="433" ind1=" " ind2=" ">
    <subfield code="a">1 Karte</subfield>
  </datafield>
  <datafield tag="434" ind1=" " ind2=" ">
    <subfield code="a">schwarz-weiß</subfield>
  </datafield>
  <datafield tag="435" ind1=" " ind2=" ">
    <subfield code="a">35 x 53cm</subfield>
  </datafield>
  <datafield tag="439" ind1=" " ind2=" ">
    <subfield code="d">Kupferstich</subfield>
  </datafield>
  <datafield tag="501" ind1=" " ind2=" ">
    <subfield code="a">Details zu illustrierendem Inhalt: 1 Kartusche mit Herrscherlisten oben Mitte, 1 Titelkartusche rechts unten mit Herrscherpaar, zahlreiche Wappenschilder im Kartenbild, 1 Windrose</subfield>
  </datafield>
  <datafield tag="501" ind1=" " ind2=" ">
    <subfield code="a">Details zu kartographischem Inhalt: Gebirgsdarstellung in Maulwurfshügelmanier, Waldsignaturen, größere Städte mit indiuvidualisierten Signaturen in Vogelschauansicht</subfield>
  </datafield>
  <datafield tag="501" ind1=" " ind2=" ">
    <subfield code="a">Ergänzender Inhalt: Vermerke zu Details aus den Türkenkriegen (Brücken, Gefechte, etc.)</subfield>
  </datafield>
  <datafield tag="501" ind1=" " ind2=" ">
    <subfield code="a">Details zu Maßstabsangaben: Maßstab in graphischer Form &quot;Teutsche Meilen&quot;, &quot;Hungarische Meilen&quot;</subfield>
  </datafield>
  <datafield tag="501" ind1=" " ind2=" ">
    <subfield code="a">Ausrichtung: Nordost</subfield>
  </datafield>
  <datafield tag="501" ind1=" " ind2=" ">
    <subfield code="a">Sonstige Details: Chronogramm am unteren Ende der Titelkartusche: &quot;Gott steVre DeM bLVtgIrIgen Türken AntIChrIstent&quot; (1664)</subfield>
  </datafield>
  <datafield tag="902" ind1=" " ind2=" ">
    <subfield code="g">Ungarn</subfield>
    <subfield code="9">(DE-588)4078541-5</subfield>
  </datafield>
  <datafield tag="902" ind1=" " ind2=" ">
    <subfield code="f">Altkarte</subfield>
  </datafield>
  <datafield tag="904" ind1="a" ind2=" ">
    <subfield code="a">ONBKRP</subfield>
  </datafield>
</record>