

<record xmlns="http://www.loc.gov/MARC21/slim"
xmlns:xsi="http://www.w3.org/2001/XMLSchema-instance"
xsi:schemaLocation="http://www.loc.gov/MARC21/slim
http://www.loc.gov/standards/marcxml/schema/MARC21slim.xsd">
  <leader>00000nM2.01000024      h</leader>
  <controlfield tag="LDR">00000nM2.01000024      h</controlfield>
  <controlfield tag="FMT">MH</controlfield>
  <datafield tag="001" ind1=" " ind2=" ">
    <subfield code="a">AC12706878</subfield>
  </datafield>
  <datafield tag="002" ind1="a" ind2=" ">
    <subfield code="a">20151204</subfield>
  </datafield>
  <datafield tag="003" ind1=" " ind2=" ">
    <subfield code="a">20161116</subfield>
  </datafield>
  <datafield tag="026" ind1=" " ind2=" ">
    <subfield code="a">OBVAC12706878</subfield>
  </datafield>
  <controlfield tag="030">a|1urr|||||17</controlfield>
  <datafield tag="036" ind1="a" ind2=" ">
    <subfield code="a">XA-DXDE</subfield>
  </datafield>
  <datafield tag="037" ind1="b" ind2=" ">
    <subfield code="a">lat</subfield>
  </datafield>
  <datafield tag="034" ind1=" " ind2=" ">
    <subfield code="a">a</subfield>
    <subfield code="b">24000000</subfield>
    <subfield code="d">W0312300</subfield>
    <subfield code="e">E0482200</subfield>
    <subfield code="f">N0711600</subfield>
    <subfield code="g">N0293500</subfield>
    <subfield code="2">bound</subfield>
  </datafield>
  <controlfield tag="050">a|a|||||||||||</controlfield>
  <controlfield tag="051">s|||||||</controlfield>
  <datafield tag="060" ind1=" " ind2=" ">
    <subfield code="b">cri</subfield>
  </datafield>
  <datafield tag="061" ind1=" " ind2=" ">
    <subfield code="b">n</subfield>
  </datafield>
  <datafield tag="062" ind1=" " ind2=" ">
    <subfield code="b">nb</subfield>
  </datafield>
  <datafield tag="064" ind1="a" ind2=" ">
    <subfield code="a">Altkarte</subfield>
    <subfield code="9">(DE-588)4611904-8</subfield>
  </datafield>
  <datafield tag="070" ind1=" " ind2=" ">
    <subfield code="a">OAW</subfield>
  </datafield>
  <datafield tag="070" ind1="b" ind2=" ">
    <subfield code="a">OAW</subfield>
  </datafield>
  <datafield tag="076" ind1="s" ind2=" ">
    <subfield code="a">54</subfield>
  </datafield>
  <datafield tag="100" ind1=" " ind2=" ">
    <subfield code="p">Seutter, Matthäus</subfield>
    <subfield code="d">1678-1757</subfield>
    <subfield code="9">(DE-588)118613537</subfield>
  </datafield>
  <datafield tag="104" ind1="a" ind2=" ">
    <subfield code="p">Seutter, Albrecht Carl</subfield>
    <subfield code="9">(DE-588)186746016</subfield>
    <subfield code="4">ctg</subfield>
  </datafield>
  <datafield tag="331" ind1=" " ind2=" ">
    <subfield code="a">Asia</subfield>
  </datafield>
  <datafield tag="335" ind1=" " ind2=" ">
    <subfield code="a">Cum omnibus Imperiis Provinciis, Statibus Et Insuli</subfield>
  </datafield>
  <datafield tag="359" ind1=" " ind2=" ">
    <subfield code="a">Correcta et adornata per Matthaeum Seutter, S. C. M. Geogr. Aug. Vind. Cum Pr.S.R.I. Vicariat; A.C. Seutter, delin. ; Tob. Conr. Lotter sc.</subfield>
  </datafield>
  <datafield tag="407" ind1=" " ind2=" ">
    <subfield code="a">Circa.1:24 000 000</subfield>
  </datafield>
  <datafield tag="419" ind1=" " ind2=" ">
    <subfield code="a">Augsburg</subfield>
    <subfield code="b">Anjezo im Verlag bey Tobias Conrad Lotter</subfield>
    <subfield code="c">[1750?]</subfield>
  </datafield>
  <datafield tag="425" ind1="a" ind2=" ">
    <subfield code="a">1750</subfield>
  </datafield>
  <datafield tag="433" ind1=" " ind2=" ">
    <subfield code="a">1 Karte</subfield>
  </datafield>
  <datafield tag="435" ind1=" " ind2=" ">
    <subfield code="a">19 x 26 cm</subfield>
  </datafield>
  <datafield tag="439" ind1=" " ind2=" ">
    <subfield code="d">Kupferstich</subfield>
  </datafield>
  <datafield tag="451" ind1=" " ind2=" ">
    <subfield code="a">Accurata Globi Terrestris</subfield>
    <subfield code="v">[3]</subfield>
  </datafield>
  <datafield tag="453" ind1="m" ind2=" ">
    <subfield code="a">AC09401696</subfield>
  </datafield>
  <datafield tag="455" ind1=" " ind2=" ">
    <subfield code="a">[3]</subfield>
  </datafield>
  <datafield tag="456" ind1=" " ind2=" ">
    <subfield code="a">3</subfield>
  </datafield>
  <datafield tag="501" ind1=" " ind2=" ">
    <subfield code="a">Details zu illustrierendem Inhalt: Titelkartusche (unten links) und Kartusche mit Maßstabsleisten (oben rechts)</subfield>
  </datafield>
  <datafield tag="501" ind1=" " ind2=" ">
    <subfield code="a">Details zu Maßstabsangaben: Maßstab in graphischer Form, &quot;Mill. Germanica coummunia&quot;, &quot;Mill.Italica et Turcica&quot;, &quot;Millaria Persie&quot;, &quot;Mill. magni Mogol. Imp.&quot;</subfield>
  </datafield>
  <datafield tag="501" ind1=" " ind2=" ">
    <subfield code="a">Gitterlinien: Längen- und Breitenangaben in 10° Schritten</subfield>
  </datafield>
  <datafield tag="501" ind1=" " ind2=" ">
    <subfield code="a">Nullmeridian: Teneriffa?</subfield>
  </datafield>
  <datafield tag="501" ind1=" " ind2=" ">
    <subfield code="a">Projektion: sterographisch</subfield>
  </datafield>
  <datafield tag="501" ind1=" " ind2=" ">
    <subfield code="a">Anmerkungen zur Entstehungsangabe: Noch mit dem Hinweis auf Matthäus Seutter als geistigen Schöpfer.</subfield>
  </datafield>
  <datafield tag="677" ind1=" " ind2=" ">
    <subfield code="p">Lotter, Tobias Conrad</subfield>
    <subfield code="d">1717-1777</subfield>
    <subfield code="9">(DE-588)123382432</subfield>
    <subfield code="4">egr</subfield>
    <subfield code="4">pbl</subfield>
  </datafield>
  <datafield tag="902" ind1=" " ind2=" ">
    <subfield code="g">Asien</subfield>
    <subfield code="9">(DE-588)4003217-6</subfield>
  </datafield>
  <datafield tag="902" ind1=" " ind2=" ">
    <subfield code="a">Altkarte</subfield>
  </datafield>
  <datafield tag="904" ind1="a" ind2=" ">
    <subfield code="a">OAWKXA</subfield>
  </datafield>
</record>