

<record xmlns="http://www.loc.gov/MARC21/slim"
xmlns:xsi="http://www.w3.org/2001/XMLSchema-instance"
xsi:schemaLocation="http://www.loc.gov/MARC21/slim
http://www.loc.gov/standards/marcxml/schema/MARC21slim.xsd">
  <leader>00000nM2.01200024      h</leader>
  <controlfield tag="LDR">00000nM2.01200024      h</controlfield>
  <controlfield tag="FMT">MH</controlfield>
  <datafield tag="001" ind1=" " ind2=" ">
    <subfield code="a">AC12248033</subfield>
  </datafield>
  <datafield tag="002" ind1="a" ind2=" ">
    <subfield code="a">20150417</subfield>
  </datafield>
  <datafield tag="003" ind1=" " ind2=" ">
    <subfield code="a">20161116</subfield>
  </datafield>
  <datafield tag="026" ind1=" " ind2=" ">
    <subfield code="a">OBVAC12248033</subfield>
  </datafield>
  <controlfield tag="030">a|1urr|||||17</controlfield>
  <datafield tag="036" ind1="a" ind2=" ">
    <subfield code="a">XA-DXDE</subfield>
  </datafield>
  <datafield tag="037" ind1="b" ind2=" ">
    <subfield code="a">lat</subfield>
  </datafield>
  <datafield tag="034" ind1=" " ind2=" ">
    <subfield code="a">a</subfield>
    <subfield code="b">7850000</subfield>
    <subfield code="d">W1065900</subfield>
    <subfield code="e">W0714500</subfield>
    <subfield code="f">N0462400</subfield>
    <subfield code="g">N0254100</subfield>
    <subfield code="2">bound</subfield>
  </datafield>
  <controlfield tag="050">a|a|||||||a|||</controlfield>
  <controlfield tag="051">at||||||</controlfield>
  <datafield tag="060" ind1=" " ind2=" ">
    <subfield code="b">cri</subfield>
  </datafield>
  <datafield tag="061" ind1=" " ind2=" ">
    <subfield code="b">n</subfield>
  </datafield>
  <datafield tag="062" ind1=" " ind2=" ">
    <subfield code="b">nb</subfield>
  </datafield>
  <datafield tag="064" ind1="a" ind2=" ">
    <subfield code="a">Altkarte</subfield>
    <subfield code="9">(DE-588)4611904-8</subfield>
  </datafield>
  <datafield tag="070" ind1=" " ind2=" ">
    <subfield code="a">OAW</subfield>
  </datafield>
  <datafield tag="070" ind1="b" ind2=" ">
    <subfield code="a">OAW</subfield>
  </datafield>
  <datafield tag="076" ind1="s" ind2=" ">
    <subfield code="a">54</subfield>
  </datafield>
  <datafield tag="100" ind1=" " ind2=" ">
    <subfield code="p">Weigel, Christoph</subfield>
    <subfield code="d">1654-1725</subfield>
    <subfield code="9">(DE-588)118630067</subfield>
  </datafield>
  <datafield tag="331" ind1=" " ind2=" ">
    <subfield code="a">Novissima Tabula ergionis Ludovicianae Gallice dictae la Louisiane</subfield>
  </datafield>
  <datafield tag="335" ind1=" " ind2=" ">
    <subfield code="a">Iam olim quidem sub Canadae et Floridae nomine in America Septentrionali notae nunc voro sub auspiciis Sereniss. Ducis Aurelianensis maxime in clarescentis Coloniae Gallicae</subfield>
  </datafield>
  <datafield tag="359" ind1=" " ind2=" ">
    <subfield code="a">delineata Ex recentissimis itinerariis et commentariis Gallicis à Guil. Insulano Geographo et Socio Regiae Scientarum Academia et recognita a Chr. Weigelio Nor.</subfield>
  </datafield>
  <datafield tag="407" ind1=" " ind2=" ">
    <subfield code="a">Circa 1:6 500 000</subfield>
  </datafield>
  <datafield tag="419" ind1=" " ind2=" ">
    <subfield code="a">Nor.</subfield>
    <subfield code="c">[1718]</subfield>
  </datafield>
  <datafield tag="425" ind1="a" ind2=" ">
    <subfield code="a">1718</subfield>
  </datafield>
  <datafield tag="433" ind1=" " ind2=" ">
    <subfield code="a">1 Karte</subfield>
  </datafield>
  <datafield tag="434" ind1=" " ind2=" ">
    <subfield code="a">1 Kartusche</subfield>
  </datafield>
  <datafield tag="435" ind1=" " ind2=" ">
    <subfield code="a">31 x 42 cm</subfield>
  </datafield>
  <datafield tag="439" ind1=" " ind2=" ">
    <subfield code="d">Kupferstich</subfield>
  </datafield>
  <datafield tag="501" ind1=" " ind2=" ">
    <subfield code="a">Details zu Maßstabsangaben: Maßstab in graphischer Form, &quot;Echelle de cent lieues Francoises&quot;</subfield>
  </datafield>
  <datafield tag="501" ind1=" " ind2=" ">
    <subfield code="a">Gitterlinien: Längen- und Breitenangaben z.T. in 1° Schritten nur im Kartenrand, Benennungen nur unregelmäßig</subfield>
  </datafield>
  <datafield tag="501" ind1=" " ind2=" ">
    <subfield code="a">Bezugsmeridian: Teneriffa?</subfield>
  </datafield>
  <datafield tag="501" ind1=" " ind2=" ">
    <subfield code="a">Projektion: sterographisch</subfield>
  </datafield>
  <datafield tag="590" ind1=" " ind2=" ">
    <subfield code="a">&lt;&lt;Johann David Koehlers Historiarum &amp; Politices Professoris Publici auf der Nürnbergischen Universitaet Altdorff&gt;&gt; Bequemer Schul- und Reisen-Atlasausgefertiget von Christoph Weigeln / Kunsthändlern in Nürnberg</subfield>
  </datafield>
  <datafield tag="594" ind1=" " ind2=" ">
    <subfield code="a">Nürnberg</subfield>
  </datafield>
  <datafield tag="595" ind1=" " ind2=" ">
    <subfield code="a">1718</subfield>
  </datafield>
  <datafield tag="596" ind1="a" ind2=" ">
    <subfield code="a">7</subfield>
  </datafield>
  <datafield tag="599" ind1=" " ind2=" ">
    <subfield code="a">AC09369655</subfield>
  </datafield>
</record>