

<record xmlns="http://www.loc.gov/MARC21/slim"
xmlns:xsi="http://www.w3.org/2001/XMLSchema-instance"
xsi:schemaLocation="http://www.loc.gov/MARC21/slim
http://www.loc.gov/standards/marcxml/schema/MARC21slim.xsd">
  <leader>01038nM2.01200024      h</leader>
  <controlfield tag="LDR">01038nM2.01200024      h</controlfield>
  <controlfield tag="FMT">MH</controlfield>
  <datafield tag="001" ind1=" " ind2=" ">
    <subfield code="a">AC13302678</subfield>
  </datafield>
  <datafield tag="002" ind1="a" ind2=" ">
    <subfield code="a">20160824</subfield>
  </datafield>
  <datafield tag="003" ind1=" " ind2=" ">
    <subfield code="a">20161116</subfield>
  </datafield>
  <datafield tag="025" ind1="o" ind2=" ">
    <subfield code="a">898182106</subfield>
  </datafield>
  <datafield tag="026" ind1=" " ind2=" ">
    <subfield code="a">BVBBV041926505</subfield>
  </datafield>
  <controlfield tag="030">a|1urr|||||17</controlfield>
  <datafield tag="036" ind1="a" ind2=" ">
    <subfield code="a">XA-IT</subfield>
  </datafield>
  <datafield tag="037" ind1="b" ind2=" ">
    <subfield code="a">ita</subfield>
  </datafield>
  <datafield tag="034" ind1=" " ind2=" ">
    <subfield code="a">a</subfield>
    <subfield code="2">bound</subfield>
    <subfield code="b">1000000</subfield>
    <subfield code="d">W0434400</subfield>
    <subfield code="e">E0524400</subfield>
    <subfield code="f">N0671300</subfield>
    <subfield code="g">S0360300</subfield>
  </datafield>
  <controlfield tag="050">||a|||||||a|||</controlfield>
  <controlfield tag="051">m|||||||</controlfield>
  <datafield tag="060" ind1=" " ind2=" ">
    <subfield code="b">cri</subfield>
  </datafield>
  <datafield tag="061" ind1=" " ind2=" ">
    <subfield code="b">n</subfield>
  </datafield>
  <datafield tag="062" ind1=" " ind2=" ">
    <subfield code="b">nb</subfield>
  </datafield>
  <datafield tag="064" ind1="a" ind2=" ">
    <subfield code="a">Altkarte</subfield>
    <subfield code="9">(DE-588)4611904-8</subfield>
  </datafield>
  <datafield tag="070" ind1=" " ind2=" ">
    <subfield code="a">OAW</subfield>
  </datafield>
  <datafield tag="070" ind1="b" ind2=" ">
    <subfield code="a">OAW</subfield>
  </datafield>
  <datafield tag="076" ind1="s" ind2=" ">
    <subfield code="a">54</subfield>
  </datafield>
  <datafield tag="100" ind1=" " ind2=" ">
    <subfield code="p">Zenoi, Domenico</subfield>
    <subfield code="9">(DE-588)1089366256</subfield>
    <subfield code="4">ctg</subfield>
    <subfield code="4">egr</subfield>
  </datafield>
  <datafield tag="104" ind1="b" ind2=" ">
    <subfield code="p">Scaridino, Francesco</subfield>
    <subfield code="9">(DE-588)111222792X</subfield>
    <subfield code="4">dte</subfield>
  </datafield>
  <datafield tag="331" ind1=" " ind2=" ">
    <subfield code="a">Al Mag.co S.or Francesco Scaridino Non mi parea cosa convenie[n]te ch&apos;io Cassiasi andar fuora l&apos;Europa, con la giuta del&apos;africa, et parte del&apos;asia senza ch&apos;io le segnasoi nel Fronte nome honorato, si onde essa nun fusse isprezzata ó, almeno risbeltaia la onae nom sorio posulto in aliso compiaccre as pave di V. S. che per I gra meróli suoi pelvano esser scudo contro el biajmo di guessi che molto sano, ó al giudicio di guessi che frappe senerri nel censurar le altrui cose sono la riccua dun gue il core affetionato alla natia bonta di V. S. alla qualle hunulmente m’incefimo di padova 1570 D[ome]n[i]co Zenoni. / Oratio Beteli</subfield>
  </datafield>
  <datafield tag="359" ind1=" " ind2=" ">
    <subfield code="a">Dnco Zenoni</subfield>
  </datafield>
  <datafield tag="407" ind1=" " ind2=" ">
    <subfield code="a">Circa 1:45 000 000</subfield>
  </datafield>
  <datafield tag="419" ind1=" " ind2=" ">
    <subfield code="a">Padova</subfield>
    <subfield code="b">Oratio Bertelli</subfield>
    <subfield code="c">1570</subfield>
  </datafield>
  <datafield tag="425" ind1="a" ind2=" ">
    <subfield code="a">1570</subfield>
  </datafield>
  <datafield tag="433" ind1=" " ind2=" ">
    <subfield code="a">1 Karte</subfield>
  </datafield>
  <datafield tag="434" ind1=" " ind2=" ">
    <subfield code="a">schwarz-weiß</subfield>
  </datafield>
  <datafield tag="435" ind1=" " ind2=" ">
    <subfield code="a">17,4 x 19,8 cm</subfield>
  </datafield>
  <datafield tag="439" ind1=" " ind2=" ">
    <subfield code="d">Kupferstich</subfield>
  </datafield>
  <datafield tag="501" ind1=" " ind2=" ">
    <subfield code="a">Details zu Maßstabsangaben: Maßstabsangaben in graphischer Form (Miglia)</subfield>
  </datafield>
  <datafield tag="501" ind1=" " ind2=" ">
    <subfield code="a">Projektion: Zentralprojektion mit der Adria (Lissa ?) als Zentrum</subfield>
  </datafield>
  <datafield tag="501" ind1=" " ind2=" ">
    <subfield code="a">Erscheinungshinweise: Einzelblatt vermutlich aus: Cosmografia Universale</subfield>
  </datafield>
  <datafield tag="501" ind1=" " ind2=" ">
    <subfield code="a">Anmerkungen zur Entstehungsangabe: Literatur in Meurer, Peter H.: The Strabo Illustratus Atlas ; 1545-1571</subfield>
  </datafield>
  <datafield tag="501" ind1=" " ind2=" ">
    <subfield code="a">Widmung: Francesco Scaridino</subfield>
  </datafield>
  <datafield tag="501" ind1=" " ind2=" ">
    <subfield code="a">Details zu illustrierendem Inhalt: Titelkartusche</subfield>
  </datafield>
  <datafield tag="655" ind1="e" ind2=" ">
    <subfield code="u">http://nbn-resolving.de/urn/resolver.pl?urn=urn:nbn:de:bvb:12-bsb00092212-3</subfield>
    <subfield code="x">Resolving-System</subfield>
    <subfield code="z">kostenfrei</subfield>
    <subfield code="3">Volltext // 2014 digitalisiert von: Bayerische Staatsbibliothek, München. Exemplar mit der Signatur: München, Bayerische Staatsbibliothek -- 2 Mapp. 464#168</subfield>
  </datafield>
  <datafield tag="902" ind1=" " ind2=" ">
    <subfield code="g">Europa</subfield>
    <subfield code="9">(DE-588)4015701-5</subfield>
  </datafield>
  <datafield tag="902" ind1=" " ind2=" ">
    <subfield code="g">Afrika</subfield>
    <subfield code="9">(DE-588)4000695-5</subfield>
  </datafield>
  <datafield tag="902" ind1=" " ind2=" ">
    <subfield code="g">Naher Osten</subfield>
    <subfield code="9">(DE-588)4068878-1</subfield>
  </datafield>
  <datafield tag="902" ind1=" " ind2=" ">
    <subfield code="f">Altkarte</subfield>
  </datafield>
  <datafield tag="903" ind1=" " ind2=" ">
    <subfield code="a">2134</subfield>
    <subfield code="a">3124</subfield>
    <subfield code="a">4123</subfield>
  </datafield>
  <datafield tag="SID" ind1=" " ind2=" ">
    <subfield code="a">Z39</subfield>
    <subfield code="b">BVBKAT</subfield>
  </datafield>
</record>